@article{Alencar2021,
  author = {Alencar, F. and Silva, C. and Lucena, M. and Castro, J.},
  year = {2021},
  title = {Identifying candidate aspects with i* approach},
  journal = {Journal of Systems and Software},
  volume = {168},
  pages = {100-111}
}

@article{Allweyer2016,
  author = {Allweyer, T. and Schweitzer, S.},
  year = {2016},
  title = {A Structured Approach to the Design of Business Process Models},
  journal = {Software and Systems Modeling},
  volume = {15},
  number = {1},
  pages = {13-29}
}

@article{Amyot2019,
  author = {Amyot, D. and Mussbacher, G. and Ghanavati, S. and Peyton, L.},
  year = {2019},
  title = {Towards advanced goal model analysis with jUCMNav},
  journal = {Lecture Notes in Business Information Processing},
  volume = {339},
  pages = {55-66}
}

@article{Bocciarelli2017,
  author = {Bocciarelli, P. and D'Ambrogio, A. and Giglio, A. and Paglia, E.},
  year = {2017},
  title = {A BPMN Extension to Enable the Explicit Modeling of Task Resources},
  journal = {CEUR Workshop Proceedings},
  volume = {1859},
  pages = {40-47}
}

@book{Bosch2018,
  author = {Bosch, J. and Olsson, H. H.},
  year = {2018},
  title = {Strategic Business Process Management in the Digital Age},
  publisher = {Springer},
  address = {Cham, Switzerland}
}

@article{Bozkurt2013,
  author = {Bozkurt, M. and Harman, M. and Hassoun, Y.},
  year = {2013},
  title = {Testing and Verification in Service-Oriented Architecture: A Survey},
  journal = {Software Testing, Verification and Reliability},
  volume = {23},
  number = {4},
  pages = {121-153}
}

@inproceedings{Cardoso2011,
  author = {Cardoso, E. and Almeida, J. P. A. and Guizzardi, R. and Guizzardi, G.},
  year = {2011},
  title = {Transforming i* Models into BPMN Models: A Pattern-Based Approach},
  booktitle = {Proceedings of the 5th International i* Workshop},
  pages = {205-210}
}

@inproceedings{Carvallo2017,
  author = {Carvallo, J. P. and Franch, X. and Quer, C.},
  year = {2017},
  title = {Managing non-technical requirements in COTS components selection},
  booktitle = {IEEE International Requirements Engineering Conference},
  pages = {298-309}
}

@incollection{Castro2018,
  author = {Castro, J. and Kolp, M. and Liu, L. and Perini, A.},
  year = {2018},
  title = {Dealing with Complexity Using Conceptual Models Based on Tropos},
  booktitle = {Conceptual Modeling: Foundations and Applications},
  pages = {255-281}
}

@article{Corradini2018,
  author = {Corradini, F. and Ferrari, A. and Fornari, F. and Gnesi, S. and Polini, A. and Re, B. and Spagnolo, G. O.},
  year = {2018},
  title = {A Guidelines Framework for Understandable BPMN Models},
  journal = {Data \& Knowledge Engineering},
  volume = {113},
  pages = {129-154}
}

@article{Dalpiaz2016,
  author = {Dalpiaz, F. and Franch, X. and Horkoff, J.},
  year = {2016},
  title = {iStar 2.0 Language Guide},
  journal = {Computing Research Repository},
  volume = {abs/1605.07767},
  pages = {341-352}
}

@article{Delgado2020,
  author = {Delgado, A. and Calegari, D. and Arrigoni, A.},
  year = {2020},
  title = {Towards a Generic BPMN Profile for Process Monitoring},
  journal = {Information and Software Technology},
  volume = {125},
  pages = {192-207}
}

@article{Dijkman2011,
  author = {Dijkman, R. M. and La Rosa, M. and Reijers, H. A.},
  year = {2011},
  title = {Managing Large Collections of Business Process Models—Current Techniques and Challenges},
  journal = {Computers in Industry},
  volume = {63},
  number = {2},
  pages = {150-163}
}

@article{Domingos2016,
  author = {Domingos, D. and Respício, A. and Martinho, R.},
  year = {2016},
  title = {Using Resource Reliability in BPMN Processes},
  journal = {Procedia Computer Science},
  volume = {100},
  pages = {298-307}
}

@book{Dumas2018,
  author = {Dumas, M. and La Rosa, M. and Mendling, J. and Reijers, H. A.},
  year = {2018},
  title = {Fundamentals of Business Process Management},
  edition = {2},
  publisher = {Springer},
  address = {Berlin}
}

@article{Dustdar2016,
  author = {Dustdar, S. and Hoffmann, T. and van der Aalst, W.},
  year = {2016},
  title = {Business Process Management Workshops},
  journal = {Lecture Notes in Business Information Processing},
  volume = {256},
  pages = {128-139}
}

@incollection{Estrada2020,
  author = {Estrada, H. and Rebollar, A. M. and Pastor, O. and Mylopoulos, J.},
  year = {2020},
  title = {The i* framework for goal-oriented modeling},
  booktitle = {Domain-Driven Design at the Enterprise Level},
  pages = {167-187}
}

@inproceedings{Flowers2016,
  author = {Flowers, R. and Edeki, C.},
  year = {2016},
  title = {Business Process Modeling Notation},
  booktitle = {Proceedings of the International Conference on Software Engineering Research and Practice},
  pages = {89-95}
}

@inproceedings{Franch2016,
  author = {Franch, X. and Guizzardi, R. and Guizzardi, G. and López, L.},
  year = {2016},
  title = {Ontological analysis of means-end links},
  booktitle = {iStar Workshop Proceedings},
  pages = {79-84}
}

@article{Garcia-Borgonon2017,
  author = {García-Borgoñón, L. and Barcelona, M. A. and García-García, J. A. and Alba, M. and Escalona, M. J.},
  year = {2017},
  title = {Software Process Modeling Languages: A Systematic Literature Review},
  journal = {Information and Software Technology},
  volume = {91},
  pages = {86-103}
}

@article{Geiger2018,
  author = {Geiger, M. and Harrer, S. and Lenhard, J. and Wirtz, G.},
  year = {2018},
  title = {BPMN 2.0: The State of Support and Implementation},
  journal = {Future Generation Computer Systems},
  volume = {80},
  pages = {62-80}
}

@article{Giray2016,
  author = {Giray, G. and Tekinerdogan, B.},
  year = {2016},
  title = {Systematic Approach for Testing BPMN Processes},
  journal = {Information and Software Technology},
  volume = {77},
  pages = {212-225}
}

@article{Gorton2017,
  author = {Gorton, I. and Ehrlich, K.},
  year = {2017},
  title = {Technical and socio-technical challenges of implementing requirements traceability},
  journal = {Journal of Software: Evolution and Process},
  volume = {29},
  number = {8},
  pages = {45-58}
}

@article{Grossmann2008,
  author = {Grossmann, G. and Schrefl, M. and Stumptner, M.},
  year = {2008},
  title = {Verification of Business Process Integration: A Model Checking Approach},
  journal = {Information Systems},
  volume = {33},
  number = {6},
  pages = {346-369}
}

@article{Horkoff2019,
  author = {Horkoff, J. and Aydemir, F. B. and Cardoso, E. and Li, T. and Maté, A. and Paja, E. and Salnitri, M. and Piras, L. and Mylopoulos, J. and Giorgini, P.},
  year = {2019},
  title = {Goal-oriented requirements engineering: an extended systematic mapping study},
  journal = {Requirements Engineering},
  volume = {24},
  number = {2},
  pages = {75-95}
}

@inproceedings{Kavakli2020,
  author = {Kavakli, E. and Loucopoulos, P. and Filippidou, D.},
  year = {2020},
  title = {Using scenarios to systematically support goal-directed elaboration for information system requirements},
  booktitle = {IEEE Symposium on Requirements Engineering},
  pages = {187-198}
}

@article{Kluza2017,
  author = {Kluza, K. and Wiśniewski, P. and Jobczyk, K. and Ligęza, A. and Suchenia, A.},
  year = {2017},
  title = {Comparison of Selected Modeling Notations for Process, Decision and System Modeling},
  journal = {Advances in Intelligent Systems and Computing},
  volume = {655},
  pages = {97-108}
}

@article{Koschmider2019,
  author = {Koschmider, A. and Figl, K. and Fellmann, M.},
  year = {2019},
  title = {A Comprehensive Overview of Process Model Quality Research},
  journal = {Software and Systems Modeling},
  volume = {18},
  number = {1},
  pages = {155-160}
}

@article{Kumar2015,
  author = {Kumar, A. and Zheng, L. and Zhao, J. L. and Wei, K.},
  year = {2015},
  title = {Integrated Testing of BPMN Processes: Early Results and Future Directions},
  journal = {Journal of Information Technology Theory and Application},
  volume = {16},
  number = {4},
  pages = {71-93}
}

@article{Kunze2015,
  author = {Kunze, M. and Luebbe, A. and Weske, M. and Weidlich, M.},
  year = {2015},
  title = {Towards Understanding Process Modeling – The Case of the BPM Academic Initiative},
  journal = {Business Process Management Workshops},
  volume = {95},
  pages = {145-168}
}

@article{Lezcano2022,
  author = {Lezcano, R. and Fernandes, P. C. B. and Delcambre, L.},
  year = {2022},
  title = {Analyzing Misalignment of Requirements and System in Service-Oriented Organizations with i*},
  journal = {Journal of Computing and Information Science in Engineering},
  volume = {12},
  number = {1},
  pages = {39-52}
}

@inproceedings{Li2014,
  author = {Li, T. and Horkoff, J.},
  year = {2014},
  title = {Dealing with security requirements for socio-technical systems: A holistic approach},
  booktitle = {Advanced Information Systems Engineering},
  pages = {215-230}
}

@article{Lopez2018,
  author = {Lopez, L. and Franch, X. and Marco, J.},
  year = {2018},
  title = {Making explicit and reasoning about design decisions through models},
  journal = {Software \& Systems Modeling},
  volume = {17},
  number = {1},
  pages = {51-67}
}

@article{Martinho2015,
  author = {Martinho, R. and Domingos, D. and Varajão, J.},
  year = {2015},
  title = {CF4BPMN: A BPMN Extension for Controlled Flexibility in Business Processes},
  journal = {Procedia Computer Science},
  volume = {64},
  pages = {213-221}
}

@article{Poels2018,
  author = {Poels, G. and Decreus, K. and Roelens, B. and Snoeck, M.},
  year = {2018},
  title = {Investigating Goal-Oriented Requirements Engineering for Business Processes},
  journal = {Journal of Database Management},
  volume = {24},
  number = {2},
  pages = {25-36}
}

@article{Rifaut2020,
  author = {Rifaut, A. and Dubois, E. and Faulkner, S. and Liffiton, M.},
  year = {2020},
  title = {A comparative study of goal-oriented requirements engineering approaches},
  journal = {Information and Software Technology},
  volume = {127},
  pages = {69-82}
}

@article{Samavi2019,
  author = {Samavi, R. and Yu, E. and Topaloglou, T.},
  year = {2019},
  title = {Strategic reasoning about business models: a conceptual modeling approach},
  journal = {Information Systems and e-Business Management},
  volume = {7},
  number = {2},
  pages = {123-144}
}

@inproceedings{Santos2018,
  author = {Santos, E. and Gomes, C. and Silva, C. and Castro, J.},
  year = {2018},
  title = {A systematic process for obtaining the behavior of the i* relationships},
  booktitle = {iStar Workshop Proceedings},
  pages = {213-219}
}

@book{Silver2011,
  author = {Silver, B.},
  year = {2011},
  title = {BPMN Method and Style},
  edition = {2},
  publisher = {Cody-Cassidy Press},
  address = {Aptos, CA}
}

@book{Sommerville2016,
  author = {Sommerville, I.},
  year = {2016},
  title = {Software Engineering},
  edition = {10},
  publisher = {Pearson},
  address = {London}
}

@article{Weber2016,
  author = {Weber, B. and Reichert, M. and Rinderle-Ma, S.},
  year = {2016},
  title = {Change Patterns and Change Support Features – Enhancing Flexibility in Process-Aware Information Systems},
  journal = {Data \& Knowledge Engineering},
  volume = {66},
  number = {3},
  pages = {79-104}
}

@article{Yotyawilai2014,
  author = {Yotyawilai, W. and Suwannasart, T.},
  year = {2014},
  title = {A Method for BPMN Model Quality Improvement},
  journal = {International Journal of Computer and Information Technology},
  volume = {3},
  number = {5},
  pages = {65-73}
}

@incollection{Yu2011,
  author = {Yu, E.},
  year = {2011},
  title = {Social Modeling and i*},
  booktitle = {Conceptual Modeling: Foundations and Applications},
  pages = {121-147}
}
