@article{Alencar2021,
  author = {Alencar, F. and Silva, C. and Lucena, M. and Castro, J.},
  year = {2021},
  title = {Identifying candidate aspects with i* approach},
  journal = {Journal of Systems and Software},
  volume = {168},
  pages = {100-111}
}

@article{Allweyer2016,
  author = {Allweyer, Thomas and Schweitzer, Sven},
  year = {2016},
  title = {A Structured Approach to the Design of Business Process Models},
  journal = {Software and Systems Modeling},
  volume = {15},
  number = {1},
  pages = {13-29}
}

@article{Amyot2019,
  author = {Amyot, D. and Mussbacher, G. and Ghanavati, S. and Peyton, L.},
  year = {2019},
  title = {Towards advanced goal model analysis with jUCMNav},
  journal = {Lecture Notes in Business Information Processing},
  volume = {339},
  pages = {55-66}
}

@article{Bocciarelli2017,
  author = {Bocciarelli, Paolo and D'Ambrogio, Andrea and Giglio, Andrea and Paglia, Emiliano},
  year = {2017},
  title = {A BPMN Extension to Enable the Explicit Modeling of Task Resources},
  journal = {CEUR Workshop Proceedings},
  volume = {1859},
  pages = {40-47}
}

@book{Bosch2018,
  author = {Bosch, Jan and Olsson, Helena Holmström},
  year = {2018},
  title = {Strategic Business Process Management in the Digital Age},
  publisher = {Springer},
  address = {Cham, Switzerland}
}

@inproceedings{Cardoso2011,
  author = {Cardoso, Evellin and Almeida, João Paulo A. and Guizzardi, Renata and Guizzardi, Giancarlo},
  year = {2011},
  title = {Transforming i* Models into BPMN Models: A Pattern-Based Approach},
  booktitle = {Proceedings of the 5th International i* Workshop},
  pages = {205-210}
}

@inproceedings{Carvallo2017,
  author = {Carvallo, J. P. and Franch, X. and Quer, C.},
  year = {2017},
  title = {Managing non-technical requirements in COTS components selection},
  booktitle = {IEEE International Requirements Engineering Conference},
  pages = {298-309}
}

@incollection{Castro2018,
  author = {Castro, J. and Kolp, M. and Liu, L. and Perini, A.},
  year = {2018},
  title = {Dealing with Complexity Using Conceptual Models Based on Tropos},
  booktitle = {Conceptual Modeling: Foundations and Applications},
  pages = {255-281}
}

@article{Corradini2018,
  author = {Corradini, Flavio and Ferrari, Alan and Fornari, Fabrizio and Gnesi, Stefania and Polini, Andrea and Re, Barbara and Spagnolo, Giorgio Oronzo},
  year = {2018},
  title = {A Guidelines Framework for Understandable BPMN Models},
  journal = {Data \& Knowledge Engineering},
  volume = {113},
  pages = {129-154}
}

@article{Dalpiaz2016,
  author = {Dalpiaz, F. and Franch, X. and Horkoff, J.},
  year = {2016},
  title = {iStar 2.0 Language Guide},
  journal = {Computing Research Repository},
  volume = {abs/1605.07767},
  pages = {341-352}
}

@article{Delgado2020,
  author = {Delgado, Andrea and Calegari, Daniel and Arrigoni, Adriana},
  year = {2020},
  title = {Towards a Generic BPMN Profile for Process Monitoring},
  journal = {Information and Software Technology},
  volume = {125},
  pages = {192-207}
}

@article{Dijkman2011,
  author = {Dijkman, Remco M. and La Rosa, Marcello and Reijers, Hajo A.},
  year = {2011},
  title = {Managing Large Collections of Business Process Models—Current Techniques and Challenges},
  journal = {Computers in Industry},
  volume = {63},
  number = {2},
  pages = {150-163}
}

@book{Dumas2018,
  author = {Dumas, Marlon and La Rosa, Marcello and Mendling, Jan and Reijers, Hajo A.},
  year = {2018},
  title = {Fundamentals of Business Process Management},
  edition = {2},
  publisher = {Springer},
  address = {Berlin}
}

@incollection{Estrada2020,
  author = {Estrada, H. and Rebollar, A.M. and Pastor, O. and Mylopoulos, J.},
  year = {2020},
  title = {The i* framework for goal-oriented modeling},
  booktitle = {Domain-Driven Design at the Enterprise Level},
  pages = {167-187}
}

@inproceedings{Flowers2016,
  author = {Flowers, Robert and Edeki, Charles},
  year = {2016},
  title = {Business Process Modeling Notation},
  booktitle = {Proceedings of the International Conference on Software Engineering Research and Practice},
  pages = {89-95}
}

@inproceedings{Franch2016,
  author = {Franch, X. and Guizzardi, R. and Guizzardi, G. and López, L.},
  year = {2016},
  title = {Ontological analysis of means-end links},
  booktitle = {iStar Workshop Proceedings},
  pages = {79-84}
}

@article{Geiger2018,
  author = {Geiger, Matthias and Harrer, Simon and Lenhard, Jörg and Wirtz, Guido},
  year = {2018},
  title = {BPMN 2.0: The State of Support and Implementation},
  journal = {Future Generation Computer Systems},
  volume = {80},
  pages = {62-80}
}

@article{Gorton2017,
  author = {Gorton, I. and Ehrlich, K.},
  year = {2017},
  title = {Technical and socio-technical challenges of implementing requirements traceability},
  journal = {Journal of Software: Evolution and Process},
  volume = {29},
  number = {8},
  pages = {45-58}
}

@article{Horkoff2019,
  author = {Horkoff, J. and Aydemir, F.B. and Cardoso, E. and Li, T. and Maté, A. and Paja, E. and Salnitri, M. and Piras, L. and Mylopoulos, J. and Giorgini, P.},
  year = {2019},
  title = {Goal-oriented requirements engineering: an extended systematic mapping study},
  journal = {Requirements Engineering},
  volume = {24},
  number = {2},
  pages = {75-95}
}

@inproceedings{Kavakli2020,
  author = {Kavakli, E. and Loucopoulos, P. and Filippidou, D.},
  year = {2020},
  title = {Using scenarios to systematically support goal-directed elaboration for information system requirements},
  booktitle = {IEEE Symposium on Requirements Engineering},
  pages = {187-198}
}

@article{Kluza2017,
  author = {Kluza, Krzysztof and Wiśniewski, Piotr and Jobczyk, Krzysztof and Ligęza, Antoni and Suchenia, Anna},
  year = {2017},
  title = {Comparison of Selected Modeling Notations for Process, Decision and System Modeling},
  journal = {Advances in Intelligent Systems and Computing},
  volume = {655},
  pages = {97-108}
}

@article{Koschmider2019,
  author = {Koschmider, Agnes and Figl, Kathrin and Fellmann, Michael},
  year = {2019},
  title = {A Comprehensive Overview of Process Model Quality Research},
  journal = {Software and Systems Modeling},
  volume = {18},
  number = {1},
  pages = {155-160}
}

@article{Lezcano2022,
  author = {Lezcano, R. and Fernandes, P.C.B. and Delcambre, L.},
  year = {2022},
  title = {Analyzing Misalignment of Requirements and System in Service-Oriented Organizations with i*},
  journal = {Journal of Computing and Information Science in Engineering},
  volume = {12},
  number = {1},
  pages = {39-52}
}

@inproceedings{Li2014,
  author = {Li, T. and Horkoff, J.},
  year = {2014},
  title = {Dealing with security requirements for socio-technical systems: A holistic approach},
  booktitle = {Advanced Information Systems Engineering},
  pages = {215-230}
}

@article{Lopez2018,
  author = {Lopez, L. and Franch, X. and Marco, J.},
  year = {2018},
  title = {Making explicit and reasoning about design decisions through models},
  journal = {Software \& Systems Modeling},
  volume = {17},
  number = {1},
  pages = {51-67}
}

@article{Poels2018,
  author = {Poels, Geert and Decreus, Ken and Roelens, Ben and Snoeck, Monique},
  year = {2018},
  title = {Investigating Goal-Oriented Requirements Engineering for Business Processes},
  journal = {Journal of Database Management},
  volume = {24},
  number = {2},
  pages = {25-36}
}

@article{Rifaut2020,
  author = {Rifaut, A. and Dubois, E. and Faulkner, S. and Liffiton, M.},
  year = {2020},
  title = {A comparative study of goal-oriented requirements engineering approaches},
  journal = {Information and Software Technology},
  volume = {127},
  pages = {69-82}
}

@article{Samavi2019,
  author = {Samavi, R. and Yu, E. and Topaloglou, T.},
  year = {2019},
  title = {Strategic reasoning about business models: a conceptual modeling approach},
  journal = {Information Systems and e-Business Management},
  volume = {7},
  number = {2},
  pages = {123-144}
}

@inproceedings{Santos2018,
  author = {Santos, E. and Gomes, C. and Silva, C. and Castro, J.},
  year = {2018},
  title = {A systematic process for obtaining the behavior of the i* relationships},
  booktitle = {iStar Workshop Proceedings},
  pages = {213-219}
}

@book{Silver2011,
  author = {Silver, Bruce},
  year = {2011},
  title = {BPMN Method and Style},
  edition = {2},
  publisher = {Cody-Cassidy Press},
  address = {Aptos, CA}
}

@book{Sommerville2016,
  author = {Sommerville, I.},
  year = {2016},
  title = {Software Engineering},
  edition = {10},
  publisher = {Pearson},
  address = {London}
}

@incollection{Yu2011,
  author = {Yu, E.},
  year = {2011},
  title = {Social Modeling and i*},
  booktitle = {Conceptual Modeling: Foundations and Applications},
  pages = {121-147}
}
